@book{Gorski2023,
    author    = {Górski, Paweł},
    title     = {Wstęp do mechaniki samochodowej},
    publisher = {Wydawnictwo Świat Książki},
    location  = {Warszawa},
    year      = {2023},
}

@book{Kurczab2016,
    author    = {Kurczab, Marcin and Kurczab, Elżbieta and Świda, Elżbieta},
    title     = {Matematyka. Zbiór zadań dla klasy 3. liceum i technikum},
    subtitle  = {Zakres rozszerzony},
    publisher = {Oficyna Edukacyjna Krzysztof Pazdro},
    location  = {Warszawa},
    year      = {2016},
    edition   = {2},
    isbn      = {978-83-659-4212-5},
}

@book{Rowling2000,
    author    = {Rowling, Joanne Katherine},
    title     = {Harry Potter i Kamień Filozoficzny},
    note      = {wyd. popr.},
    publisher = {Media Rodzina},
    location  = {Poznań},
    year      = {2000},
    isbn      = {83-7278-011-0},
}

@book{AlKhalili2022,
    author     = {Al-Khalili, Jim},
    title      = {Świat Według Fizyki},
    translator = {Lanczewski, Tomasz},
    publisher  = {Zysk i S-ka},
    location   = {Poznań},
    pagetotal  = {244},
    year       = {2022},
    doi       = {10.1007/978-3-662-54357-3},
}

@inbook{Smith2018,
    author    = {Smith, J. M.},
    title     = {Volumetric Properties of Pure Fluids},
    booktitle = {Introduction to Chemical Engineering Thermodynamics},
    pages     = {68-116},
    publisher = {McGraw Hill},
    location  = {New York},
    year      = {2018},
}

@inbook{Peterson2019,
    author    = {Peterson, Larry and Davie, Bruce},
    title     = {Advanced Internetworking},
    booktitle = {Computer Networks: A Systems Approach},
    pages     = {179-221},
    edition   = {6.1},
    publisher = {Elsevier Science \& Technology},
    location  = {Londyn},
    year      = {2019},
    isbn      = {978-1-259-69652-7},
}

@inbook{Isidori2023,
    author    = {Isidori, Alberto},
    title     = {Nonlinear Control Theory for Automation},
    booktitle = {Springer Handbook of Automation},
    editor    = {Nof, Shimon Y.},
    pages     = {163-187},
    edition   = {2},
    publisher = {Springer-Verlag},
    location  = {Augsburd},
    year      = {2023},
    isbn      = {978-3-030-96729-1},
}

@inbook {Kraus2010,
    author    = {Kraus, Tobias and Wolf, Heiko},
    title     = {Templated Self-Assembly of Particles},
    booktitle = {Springer Handbook of Nanotechnology},
    editor    = {Bhushan, Bharat},
    pages     = {187-210},
    publisher = {Springer-Verlag},
    location  = {Berlin},
    year      = {2010},
}

@inbook {Gregerson2010,
    author    = {Gregerson, Anthony and Schulte, Michael J. and Compton, Katherine},
    title     = {High-Energy Physics},
    editor    = {Bhattacharyya, Shuvra S. and Deprettere, Ed F. and Leupers Rainer and Takala Jarmo},
    booktitle = {Handbook of Signal Processing System},
    publisher = {Springer Science Business Media},
    location  = {New York and Dordrecht and Heidelberg and London},
    year      = {2010},
    pages     = {179-211},
    doi       = {10.1007/978-1-4614-6859-2_5},
}

@article{Nowak2023,
    author  = {Nowak, Krzysztof},
    title   = {Budowa Procesora w Komputerze},
    journal = {Komputerowi Fanatycy},
    volume  = {15},
    pages   = {7-15},
    year    = {2023},
}

@article{Xu2023,
    author  = {Xu, Peng and Zhu, Xiatian and Clifton, David A.},
    title   = {Multimodal Learning with Transformers: A Survey},
    journal = {IEEE Transactions on Pattern Analysis and Machine Intelligence},
    volume  = {45},
    pages   = {12113-12132},
    year    = {2023},
    doi     = {10.1109/TPAMI.2023.3275156},
}

@article{Mashatan2007,
    author  = {Mashatan, Atefeh and Stinson, Douglas R.},
    title   = {Noninteractive two-channel message authentication based on hybrid-collision resistant hash functions},
    journal = {IET Information Security},
    volume  = {1},
    number  = {3},
    pages   = {111-118},
    year    = {2007},
    issn    = {1751-8709},
}

@article{Hwang2006,
    title   = {AES-Based Security Coprocessor IC in 0.18-\textmu m CMOS With Resistance to Differential Power Analysis Side-Channel Attacks},
    author  = {Hwang, David D. and Tiri, Kris and Hodjat, Alireza and Lai, Bo Cheng and Yang, Shenglin and Schaumont, Patrick and Verbauwhede, Ingrid},
    journal = {IEEE Journal of Solid-State Circuits},
    volume  = {41},
    pages   = {781-792},
    year    = {2006},
}

@article{Joye2007,
    author    = {Joye, Marc and Manet, Pascal and Rigaud, Jean Baptiste},
    title     = {Strenghtening Hardware AES Implementations against Fault Attacks},
    journal   = {Information Security},
    volume    = {1},
    number    = {3},
    pages     = {106-110},
    year      = {2007},
    doi       = {10.1049/iet-ifs:20060163},
}

@thesis{Cwik2018,
    author      = {Ćwik, Mateusz},
    title       = {Projekt i wykonanie sterownika akwariowego na mikrokontrolerze STM32},
    type        = {engthesis},
    institution = {Akademia Górniczo-Hutnicza},
    year        = {2018},
}

@thesis{Marszalek2023,
    author      = {Marszałek, Mateusz},
    title       = {Automatyzacja procesu wyciągania wydruków z drukarki 3D},
    type        = {mathesis},
    institution = {Instytut Mechaniki i Systemów Informatycznych, Wydział Elektrotechniki, Elektroniki, Informatyki i Automatyki, Politechnika Łódzka},
    supervisor  = {Granosik, Gaweł},
    year        = {2023},
}

@thesis{Urbanski2023,
    author      = {Urbański, Mateusz},
    title       = {Development of Phase Reference Distribution Systems of Linear Particle Accelerators with Femtosecond Stability},
    type        = {phdthesis},
    institution = {Politechnika Warszawska},
    year        = {2023},
    urldate     = {2023-12-05},
    url = {https://www.bip.pw.edu.pl/index.php/content/download/62809/582829/file/rozprawa_doktorska_maciej_urbanski.pdf},
}

@thesis{Otto2004,
    author      = {Otto, Martin},
    title       = {Fault Attacks and Countermeasures},
    type        = {phdthesis},
    institution = {Institut fuer Informatik, Universitaet Paderborn},
    year        = {2004},
}

@online{Page2005,
    author  = {D. Page},
    title   = {Partitioned Cache Architecture as a Side-Channel Defence Mechanism},
    series  = {Cryptology ePrint Archive},
    volume  = {280},
    year    = {2005},
    urldate = {2010-08-29},
    url     = {https://eprint.iacr.org/2005/280}
}

@manual{LPC2212,
    title        = {LPC2212/2214: Single-chip 16/32-bit ARM microcontrollers},
    organization = {NXP Semiconductors},
    version      = {5},
    date         = {2011-06-14},
    url          = {https://www.nxp.com/docs/en/data-sheet/LPC2212_2214.pdf},
    urldate      = {2017-11-20},
    type         = {Product Data Sheet}
}

@manual{NIST-SP-800-22,
    title        = {A Statistical Test Suite for Random and Pseudorandom Number Generators for Cryptographic Applications},
    author = {Bassham, Lawrence E. and Rukhin, Andrew L. and Soto, Juan and Nechvatal, James R. and Smid, Miles E. and Leigh, Stefan D. and Levenson, M and Vangel, M and Heckert, Nathanael A. and Banks, D L.},
    organization = {National Institute of Standards and Technology},
    version      = {1a},
    date         = {2010-04},
    doi          = {10.6028/NIST.SP.800-22r1a},
}

@standard{FIPS140-2,
    title        = {Security Requirements for Cryptographic Modules},
    indextitle   = {FIPS PUB 140-2},
    year         = {2001},
    month        = {5},
    organization = {Federal Information Processing Standards},
    location     = {U.S. DoC, NIST},
    doi          = {10.6028/NIST.FIPS.140-3},
}

@legislation{ust2001-09-18,
    title     = {Ustawa z dnia 18 września 2001 r. o podpisie elektronicznym},
    booktitle = {Dz. U. z 2001 r.},
    number    = {130},
    position  = {1450},
    note      = {z późn. zm.}
}

@online{Schneier2017,
    title   = {Fraud Detection in Pokemon Go},
    author  = {Schneier, Bruce},
    series  = {Schneier on Security, Newsletter, Crypto-Gram},
    date    = {2017-11-15},
    url     = {https://www.schneier.com/crypto-gram/archives/2017/1115.html#6},
    urldate = {2017-11-22}
}

@online{Craddock2017,
    author  = {Craddock, David},
    title   = {Rocket Jump: Quake and the Golden Age of First-Person Shooters},
    year    = {2017},
    url     = {https://www.shacknews.com/article/101156/rocket-jump-quake-and-the-golden-age-of-first-person-shooters},
    urldate = {2024-01-16}
}

@online{MatlabPerformance2015,
    author  = {Altman, Yair},
    title   = {Some Matlab performance-tuning tips},
    series  = {Undocumented Matlab},
    date    = {2015-06-17},
    url     = {https://undocumentedmatlab.com/articles/some-performance-tuning-tips},
    urldate = {2024-01-16}
}

@inproceedings{Duckworth2019,
    author    = {Duckworth, Angela L. and Quirk, Abigail and Gallop, Robert and Hoyle, Rick H. and Kelly, Denis R. and Matthews, Michael D.},
    title     = {Cognitive and noncognitive predictors of success},
    booktitle = {Proceedings of the National Academy of Sciences},
    pages     = {23499-23504},
    location  = {USA},
    year      = {2019},
    url       = {https://www.pnas.org/doi/full/10.1073/pnas.1910510116},
    urldate   = {2024-01-16},
}

@inproceedings{Jun2006,
    title     = {A Low-cost Memory Remapping Scheme For Address Bus Protection},
    author    = {Yang, Jun and Gao, Lan and Zhang, Youtao and Chrobrak, Marek and Lee, Hsien Hsin S.},
    maintitle = {PACT '06: Proceedings of the 15th international conference on Parallel architectures and compilation techniques},
    pages     = {74-83},
    location  = {New York},
    venue     = {Seattle Washington USA},
    eventdate = {2006-09-16/2006-09-20},
    publisher = {Association for Computing Machinery \textemdash ACM},
    year      = {2006},
    doi       = {10.1007/978-3-662-54357-3},
}
